@ONLINE {FAIrecords,
        title = "Federation Aeronautique Internationale (FAI) Records ",
        year  = "2016",
        url   = "http://www.fai.org/records"
        }

@ARTICLE {costeco,
        author  = "Wei, W., and Hansen, M.",
        title   = "Cost Economics of Aircraft Size",
        journal = "Journal of Transport Economics and Policy",
        year    = "2003",
        volume  = "37",
        pages   = "279-296"
        }


@ARTICLE {weatheravoid,
        author  = "Cecil, D., et al.",
        title   = "Weather Avoidance Guidelines for NASA Global Hawk High‐Altitude Unmanned Aircraft Systems",
        journal = "American Meteorological Society (AMS) Annual Meeting",
        year    = "2014"
        }

@MISC {cbo,
        author = "Congressional Budget Office",
        title  = "Costs of Military Pay and Benefits in the Defense Budget",
        year   = "2012"
        }

@ARTICLE {gpkit,
        author  = "Warren Hoburg and Pieter Abbeel",
        title   = "Geometric Programming for Aircraft Design Optimization",
        journal = "AIAA",
        year    = "2014"
}

@ONLINE {rcvengines,
        author = "RCV Engines",
        title  = "Heavy Fuel UAV Engines",
        url    = "http://www.rcvengines.com/documents/rcv%20flyer.pdf"
}

@ONLINE {sullivan,
        author = "Sullivan Unmanned Vehicle",
        title  = "S676-300F-01 Alternator",
        url    = "http://www.sullivanuv.com/product-item/s676-300f-01/"
}
@MISC {UHFgs,
        title        = "Radio Modem (2.4 GHz) Base",
        howpublished = "http://store.micropilot.com/product-p/r-mic24-base.htm",
        month        = "may",
        year         = "2016"
}

@MISC {cellDataUSB,
        title        = "MiFi® 4G LTE Global USB Modem U620L",
        howpublished = "http://www.verizonwireless.com/internet-devices/verizon-mifi-4g-lte-global-usb-modem-u620l-in-black/?cmp=CSE-C-HQ-NON-R-AC-NONE-NONE-2C0PX0-PX-PLA-USB620L",
        month        = "may",
        year         = "2016"
}
@MISC {aircraftAntenna,
        title        = "L-Band Blade Antenna",
        howpublished = "http://www.verdanttelemetry.com/product-details.php?id=46\&prdtcat\_id=",
        month        = "may",
        year         = "2016"
}
@MISC {UHFaircraft,
        title        = "Radio Modem (2.4 GHz) Remote",
        howpublished = "http://store.micropilot.com/product-p/r-mic24-remote.htm",
        month        = "may",
        year         = "2016"
}
@MISC {aircraftLights,
        title        = "Blue Light - Navigation Light V-S",
        howpublished = "http://www.bluelight-tech.com/BL-NavLV-S.htm",
        month        = "may",
        year         = "2016"
}
@MISC {gsSatcom,
        title        = "IRIDIUM GO!",
        howpublished = "https://satellitephonestore.com/catalog/sale/detail/iridium-go-252",
        month        = "may",
        year         = "2016"
}

@MISC {smallengines,
        author       = "Unmanned Arial Systems Lab: University of North Dakota",
        title        = "Engine Reference",
        howpublished = "http://media.aero.und.edu/uasresearch.org/documents/195-197 Reference-Section Engines.pdf",
        month        = "feb",
        year         = "2016"
}
@ARTICLE {gp,
        author  = "S. Boyd",
        title   = "A Tutorial on Geometric Programming",
        journal = "Optimization and Engineering",
        year    = "2007",
        volume  = "8",
        number  = "1",
        pages   = "67-127"
}
@STANDARD {breguetrange,
        title        = "Thermodynamics and Propulsion",
        organization = "Aero/Astro Department",
        institution  = "Massachusetts Institute of Technology",
        author       = "Z. S. Spakovszky",
        howpublished = "MIT Printing Press",
        type         = "Book",
        url          = "http://web.mit.edu/16.unified/www/FALL/thermodynamics/notes/notes.html"
}

@PHDTHESIS {hoburgthesis,
        author = "Warren Hoburg",
        title  = "Aircraft Design Optimization as a Geometric Program",
        school = "University of California, Berkeley",
        year   = "2013"
}
@BOOK {solar,
        author    = "Robert K. McMordie",
        title     = "Solar Energy Fundamentals",
        publisher = "The Fairmont Printing Press, Inc.",
        year      = "2012"
}
@ONLINE {wind,
        author = "European Centre for Medium-Range Weather Forecasts",
        title  = "ERA Interim, Daily",
        url    = "http://apps.ecmwf.int/datasets/data/interim-full-daily/levtype=pl/"
}
@ONLINE {orion,
        author = "Aurora Flight Sciences",
        title  = "Orion: Medium Altitude Long Endurance Aircraft",
        url    = "http://www.aurora.aero/orion/"
}
@ONLINE {predator,
        author = "MQ-1B Predator",
        title  = "U.S. Air Force",
        month  = "dec",
        year   = "2015",
        url    = "http://www.af.mil/AboutUs/FactSheets/Display/tabid/224/Article/104469/mq-1b-predator.aspx"
}
@ONLINE {hermes,
        author = "Elbit Systems Ltd",
        title  = "Hermes 900 MALE Tactical Unmanned Air Vehicle (UAV), Israel",
        url    = "http://www.airforce-technology.com/projects/hermes-900/"
}
@ONLINE {globalhawk,
        author = "U.S. Air Force",
        title  = "RQ-4 Global Hawk",
        month  = "oct",
        year   = "2014",
        url    = "http://www.af.mil/AboutUs/FactSheets/Display/tabid/224/Article/104516/rq-4-global-hawk.aspx"
}
@ONLINE {penguin,
        author = "UAV Factory",
        title  = "Penguin B UAV platform",
        url    = "http://www.uavfactory.com/product/46"
}
@ONLINE {bending,
        author = "Mark Drela",
        title  = "Wing Bending Calculations",
        url    = "https://ocw.mit.edu/courses/aeronautics-and-astronautics/16-01-unified-engineering-i-ii-iii-iv-fall-2005-spring-2006/systems-labs-06/spl10.pdf"
}
@ONLINE {moi,
        title = "How to Calculate the Moment of Inertia of a Beam Section",
        url   = "https://skyciv.com/tutorials/calculating-beam-section-moment-of-inertia/"
}
@ONLINE {density,
        title = "Density of Air",
        url   = "http://en.wikipedia.org/wiki/Density_of_air#Altitude"
}
@ARTICLE {fitting,
        author  = "Warren Hoburg, Philippe Kirschen",
        title   = "Data fitting with geometric-programming-compatible softmax functions",
        journal = "Optimization and Engineering",
        year    = "2016"
}
@ONLINE {zephyr,
        author = "Wikipedia",
        title  = "Qinetiq Zephyr",
        url    = "https://en.wikipedia.org/wiki/Qinetiq_Zephyr"
}
@ONLINE {br2,
        author = "Frederick H. Lutze",
        title  = "AOE 3104 Vehicle Performance",
        url    = "http://www.dept.aoe.vt.edu/~lutze/AOE3104/range\&endurance.pdf"
}
@BOOK {raymer,
        author    = "Daniel P. Raymer",
        title     = "Aircraft Design: A Conceptual Approach",
        publisher = "American Institute of Aeronautics and Astronautics, Inc.",
        year      = "2006",
        edition   = "fourth"
}
@UNPUBLISHED {isaatm,
        author = "Mustafa Cavcar",
        title  = "The International Standard Atmosphere (ISA)",
        note   = "Anadolu University, 26470 Eskisehir, Turkey"
}
@INBOOK {fluiddyhandbook,
        author    = "Richard W. Johnson",
        title     = "The Handbook of Fluid Dynamics",
        chapter   = "Chapter 11",
        publisher = "CRC Press",
        year      = "1998"
}
@STANDARD {acgust,
        title        = "Dynamic Gust Loads",
        organization = "Federal Aviation Administration",
        institution  = "U.S. Department of Transportation",
        author       = "Jeffrey E. Duven",
        year         = "2014",
        month        = "dec",
        url          = "www.faa.gov/documentLibrary/media/Advisory_Circular/AC_25_341-1.pdf"
}
@ARTICLE {electricengine,
        author  = "Mauro Gatti, Fabrizio Giulietti",
        title   = "Preliminary Design Analysis Methodology for Electric Multirotor",
        journal = "2nd IFAC Workshop on Research, Education and Development of Unmanned Aerial Systems",
        year    = "2013",
        volume  = "46",
        number  = "30",
        pages   = "58-63",
        month   = "nov"
}
